



@article{Anzis18,
  title={Jacobi-Trudi Determinants over Finite Fields},
  author={Anzis, Ben and Chen, Shuli and Gao, Yibo and Kim, Jesse and Li, Zhaoqi and Patrias, Rebecca},
  journal={Annals of Combinatorics},
  volume={22},
  number={1},
  pages={447--489},
  year={2018},
  publisher={Springer}
}


@article{ttao,
  title={Algebraic combinatorial geometry: the polynomial
method in arithmetic combinatorics, incidence
combinatorics, and Number theory},
  author={Tao, Terrence},
  journal={EMS surveys in Mathematical Sciences},
  volume={1},
  pages={1-46},
  year={2014},
  publisher={EMS}
}

@article{sigproc,
  title={Efficient Inversion of Toeplitz-Block Toeplitz Matrix},
  author={Wax, Mati and Kailath, Thomas},
  journal={IEEE TRANSACTIONS ON ACOUSTICS, SPEECH, AND SIGNAL PROCESSING,},
  volume={31},
  number={5},
  year={1983},
  publisher={JSTOR}
}




@book{egge,
  title={An Introduction to Symmetric Functions and Their Combinatorics},
  author={Egge, Eric S.},
  year={2019},
  chapter={9},
  publisher={American Mathematical Society}
}

@article{poincare1885equations,
  title={Sur les equations lineaires aux 
  differentielles ordinaires et aux differences finies},
  author={Poincare, Henri},
  journal={American Journal of Mathematics},
  pages={203--258},
  year={1885},
  publisher={JSTOR}
}

@article{mc2005some,
  title={Some Observations on Khovanskii's 
  Matrix Methods for Extracting Roots of Polynomials},
  author={Mc Laughlin, J and Sury, B},
  journal={INTEGERS: The Electronic Journal of Combinatorial Number Theory},
  volume={7},
  number={A48},
  year={2007}
}



@article{KalLob,
  author = {Kaltofen, A. Lob},
  title = {On rank properties of Toeplitz matrices over finite fields},
  journal={ISSAC '96: Proceedings of the 1996 international symposium on Symbolic and algebraic computation},
  year ={1996}
}


@article{Ravag,
  author ={Ravagnani A.},
  title = {Rank-metric codes and their duality theory},
  journal = {Des. Codes Cryptogr},
  volume = {80},
  year ={2016}
}

@book{EC2,
  title={Enumerative Combinatorics: Volume 2},
  author={Stanley, Richard P.},
  year={2001},
  publisher={Cambridge University Press}
}

@book{Macdonald,
  title={Symmetric Functions and Hall Polynomials},
  author={Macdonald, Ian G.},
  year={1998},
  edition={2},
  publisher={Oxford Science Publications}
}

@misc{dwivedi2021rank,
      title={On the rank of Hankel matrices over finite fields}, 
      author={Omesh Dhar Dwivedi and Darij Grinberg},
      year={2021},
      eprint={2109.05415v1},
      archivePrefix={arXiv},
      primaryClass={math.CO}
}

@misc{RPStan,
      title={Spanning trees and a conjecture of Kontsevich}, 
      author={Richard P. Stanley},
      year={1998},
      eprint={9806055},
      archivePrefix={arXiv},
      primaryClass={math.CO}
}

@article{Hayes,
  title={The Weil Conjectures},
  author={Brian T. Hayes},
  journal={Notices of the American Mathematical Society},
  year={2021},
  volume={68},
  pages={1}
}

@misc{Kontsevich,
  title={Gelfand Seminar talk, Rutgers Univ.},
  author={Maxim Kontsevich},
  year={1997}
}

